@misc{GoldenAgeArcadeHistorian2015,
  title = {The Golden Age Arcade Historian "The Ultimate (So-Far) History of Gremlin Industries Part 2"},
  author = {Keith Smith},
  year = {2015},
  howpublished = {\url{https://allincolorforaquarter.blogspot.com/2015/09/the-ultimate-so-far-history-of-gremlin_25.html}}
}

@article{whitley1994geneticAlgorithmTutorial,
  title = {A genetic algorithm tutorial},
  author = {Whitley, Darrell},
  journal = {Statistics and computing},
  volume = {4},
  pages = {65--85},
  year = {1994},
  publisher = {Springer}
}

@book{davis1991handbookGeneticAlgorithms,
  booktitle = {Handbook of Genetic Algorithms},
  author = {Davis, L},
  publisher = {Van Nostrand Reinhold},
  title = {Handbook of Genetic Algorithms},
  note = {\url{http://www0.cs.ucl.ac.uk/staff/W.Langdon/ftp/papers/poli08_fieldguide.pdf}},
  year = {1991}
}

@book{poli2008field,
  title={A Field Guide to Genetic Programming},
  author={Poli, R. and Langdon, W.B. and McPhee, N.F. and Koza, J.R.},
  year={2008},
  publisher = {Lulu Enterprises, UK Ltd},
}

@misc{reseauNeuronesIBM,
  title = {Qu'est-ce qu'un r√©seau de neurones?},
  author = {IBM},
  howpublished = {\url{https://www.ibm.com/fr-fr/topics/neural-networks}}
}
